%% I recommend ACM-flavour bib entries. -- Jiayao

@book{Friedman:2001:ESL,
  title={The elements of statistical learning},
  author={Friedman, Jerome and Hastie, Trevor and Tibshirani, Robert},
  volume={1},
  year={2001},
  publisher={Springer series in statistics New York}
}

@book{Christopher:2016:PRML,
  title={Pattern Recognition and Machine Learning},
  author={Christopher, M Bishop},
  year={2006},
  publisher={Springer-Verlag New York}
}

